%% Introduction
@BOOK{dailey_e_guitar,
	title 		= {Electronics for Guitarists},
	author		= {{Denton} {J.} {Dailey}},
	year		= {2022},
	publisher	= {Springer},
	edition		= {3}
}

@ONLINE{wiki_wahwah,
	title		= {Wah-Wah},
	url			= {https://de.wikipedia.org/wiki/Wah-Wah},
	urldate		= {2023-07-23}
}

%% Basics
@BOOK{meyer_signalverarbeitung,
	title = {Signalverarbeitung},
	titleaddon = {Analoge und digitale Signale, Systeme und Filter},
	author = {{Martin} {Meyer}},
	publisher = {Springer Vieweg},
	year = {2017}
}

@MANUAL{nxp_i2s,
	title = {UM11732},
	titleaddon = {I\textsuperscript{2}S bus specification},
	author = {},
	organization = {XNP Semiconductors},
	year = {2022},
	url = {https://www.nxp.com/docs/en/user-manual/UM11732.pdf},
	urldate      = {2023-07-23},
	note = {Rev. 3}
}

@MISC{arm_dsp,
	title 		 = {Biquad Cascade IIR Filters Using Direct Form I Structure},
	url 		 = {https://www.keil.com/pack/doc/CMSIS_Dev/DSP/html/group__BiquadCascadeDF1.html},
	organization = {Keil},
	urldate      = {2024-07-28},
}

@MISC{TI-filterdesign-tool,
	title = {Filter Design Tool},
	organization = {Texas Instruments},
	url          = {https://webench.ti.com/filter-design-tool/filter-response},
	urldate      = {2024-08-04},
}

@MANUAL{rm0468,
  author = {STMicroelectronics},
  title = {RM0468 Reference Manual},
  year = {2021},
  organization = {STMicroelectronics},
}

@ONLINE{scipy,
	title = {Signal processing (scipy.signal)},
	url = {https://docs.scipy.org/doc/scipy/reference/signal.html},
	urldate = {2024-10-20}
}

%% Concept
@ONLINE{beckmann_dsp,
	author       = {{Paul} {Beckmann}},
	title        = {Real-Time Embedded Audio Signal Processing},
	year         = {2008},
	url          = {https://dspconcepts.com/sites/default/files/2008-10-05_real-time_embedded_audio_signal_processing.pdf},
	urldate	   	 = {2023-07-23}
}

@BOOK{stotz_audio_video,
	author         = {{Dieter} {Stotz}},
	publisher      = {Springer Vieweg},
	title          = {Computergest√ºtzte Audio- und Videotechnik},
	titleaddon     = {Multimediatechnik in der Anwendung},
	year           = {2018},
	edition        = {3},
}

@ONLINE{eetimes_fund_dsp,
	author			= {{David} {Katz} and {Rick} {Gentile} and {Tomasz} {Lukasiak}},
	title			= {Fundamentals of embedded audio, part 3},
	year			= {2007},
	url				= {https://www.eetimes.com/fundamentals-of-embedded-audio-part-3/},
	urldate			= {2023-07-23}
}


%% Implementation
@BOOK{taschenbuch_et,
	title = {Taschenbuch der Elektrotechnik},
	author = { {Ralf} {Kories} and {Heinz} {Schmidt-Walter} },
	publisher = {Europa Lehrmittel},
	year = {2017}
}

@MISC{freertos_style_guide,
	title = {FreeRTOS - Conding Standard ans Style Guide},
	note = {[Online, 25.04.2022]},
	url = {https://www.freertos.org/FreeRTOS-Coding-Standard-and-Style-Guide.html}
}

@ONLINE{cookbook_audio,
	author 	= { {Robert} {Bristow-Johnson} },
	title 	= {Cookbook formulae for audio equalizer biquad filter coefficients},
	year	= {},
	url		= {https://webaudio.github.io/Audio-EQ-Cookbook/audio-eq-cookbook.html},
	urldate = {2024-09-12}
}
